[{"amount":"1.15","date":1391279930,"price":"4938.68","tid":4538119,"type":"sell"},{"amount":"0.162","date":1391279931,"price":"4939.22","tid":4538121,"type":"sell"},{"amount":"1.2","date":1391279931,"price":"4939.76","tid":4538123,"type":"sell"},{"amount":"1.791","date":1391279931,"price":"4940.5","tid":4538125,"type":"sell"},{"amount":"0.1","date":1391279931,"price":"4939.24","tid":4538127,"type":"buy"},{"amount":"1.03","date":1391279931,"price":"4938.77","tid":4538129,"type":"buy"},{"amount":"0.01","date":1391279931,"price":"4938.51","tid":4538131,"type":"buy"},{"amount":"8.388","date":1391279932,"price":"4938.98","tid":4538133,"type":"sell"},{"amount":"1.36","date":1391279937,"price":"4938.49","tid":4538135,"type":"buy"},{"amount":"0.4","date":1391279937,"price":"4937.97","tid":4538137,"type":"buy"},{"amount":"1","date":1391279937,"price":"4940.36","tid":4538139,"type":"sell"},{"amount":"1","date":1391279937,"price":"4939.24","tid":4538141,"type":"buy"},{"amount":"0.58","date":1391279937,"price":"4939.95","tid":4538143,"type":"sell"},{"amount":"0.1","date":1391279937,"price":"4938.73","tid":4538145,"type":"buy"},{"amount":"0.07","date":1391279943,"price":"4940.45","tid":4538147,"type":"sell"},{"amount":"0.07","date":1391279943,"price":"4938.01","tid":4538149,"type":"buy"},{"amount":"0.01","date":1391279943,"price":"4938.87","tid":4538151,"type":"sell"},{"amount":"0.01","date":1391279943,"price":"4940.13","tid":4538153,"type":"sell"},{"amount":"0.01","date":1391279984,"price":"4938.38","tid":4538156,"type":"buy"},{"amount":"0.104","date":1391279990,"price":"4938.37","tid":4538157,"type":"buy"},{"amount":"0.19","date":1391279996,"price":"4937.77","tid":4538160,"type":"buy"},{"amount":"0.104","date":1391280012,"price":"4937.96","tid":4538161,"type":"sell"},{"amount":"0.21","date":1391280017,"price":"4937.96","tid":4538164,"type":"sell"},{"amount":"0.001","date":1391280073,"price":"4937.77","tid":4538166,"type":"buy"},{"amount":"0.013","date":1391280073,"price":"4937.72","tid":4538167,"type":"buy"},{"amount":"8.741","date":1391280079,"price":"4936.75","tid":4538169,"type":"buy"},{"amount":"0.27","date":1391280088,"price":"4934.78","tid":4538171,"type":"buy"},{"amount":"0.296","date":1391280088,"price":"4933.56","tid":4538173,"type":"buy"},{"amount":"1.9","date":1391280088,"price":"4936.53","tid":4538175,"type":"sell"},{"amount":"0.113","date":1391280088,"price":"4933.1","tid":4538177,"type":"buy"},{"amount":"0.6","date":1391280088,"price":"4935.3","tid":4538179,"type":"sell"},{"amount":"0.08","date":1391280088,"price":"4936.75","tid":4538181,"type":"sell"},{"amount":"0.497","date":1391280088,"price":"4934.14","tid":4538183,"type":"buy"},{"amount":"0.1","date":1391280088,"price":"4934.56","tid":4538185,"type":"sell"},{"amount":"0.2","date":1391280089,"price":"4934.06","tid":4538187,"type":"buy"},{"amount":"0.63","date":1391280089,"price":"4934.9","tid":4538189,"type":"sell"},{"amount":"0.053","date":1391280089,"price":"4933.33","tid":4538191,"type":"buy"},{"amount":"0.064","date":1391280090,"price":"4934.51","tid":4538193,"type":"sell"},{"amount":"0.4","date":1391280092,"price":"4935.69","tid":4538195,"type":"sell"},{"amount":"0.6","date":1391280092,"price":"4936.29","tid":4538197,"type":"sell"},{"amount":"1","date":1391280092,"price":"4932.82","tid":4538199,"type":"buy"},{"amount":"0.221","date":1391280093,"price":"4933.36","tid":4538201,"type":"sell"},{"amount":"0.062","date":1391280093,"price":"4936.51","tid":4538203,"type":"sell"},{"amount":"0.6","date":1391280093,"price":"4935.15","tid":4538205,"type":"buy"},{"amount":"0.6","date":1391280093,"price":"4935.71","tid":4538207,"type":"sell"},{"amount":"8.029","date":1391280093,"price":"4936.17","tid":4538209,"type":"sell"},{"amount":"1.1","date":1391280108,"price":"4933.08","tid":4538211,"type":"buy"},{"amount":"1.179","date":1391280108,"price":"4932.6","tid":4538213,"type":"buy"},{"amount":"0.02","date":1391280109,"price":"4933.29","tid":4538215,"type":"sell"},{"amount":"1.9","date":1391280109,"price":"4932.68","tid":4538217,"type":"buy"},{"amount":"1.96","date":1391280109,"price":"4934.11","tid":4538219,"type":"sell"},{"amount":"8","date":1391280115,"price":"4934.86","tid":4538221,"type":"sell"},{"amount":"0.686","date":1391280118,"price":"4932.91","tid":4538223,"type":"buy"},{"amount":"0.496","date":1391280118,"price":"4933.8","tid":4538225,"type":"sell"},{"amount":"1.959","date":1391280118,"price":"4934.27","tid":4538227,"type":"sell"},{"amount":"0.9","date":1391280118,"price":"4933.48","tid":4538229,"type":"buy"},{"amount":"1.8","date":1391280118,"price":"4933.13","tid":4538231,"type":"buy"},{"amount":"1","date":1391280118,"price":"4934.25","tid":4538233,"type":"sell"},{"amount":"0.5","date":1391280119,"price":"4933.17","tid":4538235,"type":"buy"},{"amount":"0.01","date":1391280138,"price":"4934.51","tid":4538238,"type":"sell"}]